@book{evansmhr,
   author = {Sir William Evans},
   title = {Essays: On the Action for Money Had and Received, on the Law of Insurances, and on the Law of Bills of Exchange and Promissory Notes},
   shorttitle = {On the Action for Money Had and Received},
publisher = {Liverpool, Merrit~\& Wright}, 
   year = {1802},
   pages = {7},
}
%Note how if you want to input an `&', you need to put a `\' before the ampersand symbol.

@book{stevens,
author = {Stevens, R},
title = {Torts and Rights},
publisher = {OUP},
year = {2007},}