@inbook{nolan08,
   author = {Nolan, DP},
   title = {\emph{Hongkong Fir Shipping Co v Kawasaki Kisen Kaisha Ltd, The Hongkong Fir} (1961)},
   booktitle = {Landmark Cases in the Law of Contract},
   editor = {Mitchell, C and Mitchell, P},
   publisher = {Hart},
   address = {Oxford},
   year = {2008}
}
%Note how the \emph command is used to highlight a particular part of the text.

@inbook{stevens08,
   author = {Stevens, R},
   title = {Is There a Law of Unjust Enrichment?},
   booktitle = {Unjust Enrichment and Commercial Law},
   editor = {Degeling, S and Edelman, J},
   publisher = {Thomson},
   address = {Pyrmont, N.S.W.},
   year = {2008}
}