@legislation{sga,
Date = {1979},
	Entrysubtype = {primary},
	Keywords = {en},
	Pagination = {section},
   title = {Sale of Goods Act},}

@legislation{frustrated,
Date = {1943},
	Entrysubtype = {primary},
	Keywords = {en},
	Pagination = {section},
   title = {Law Reform (Frustrated Contracts) Act},
}