@thesis{defeaters,
author = {Duarte d'Almeida, L},
title = {Defences and Defeaters},
university = {University of Oxford},
   type = {DPhil thesis},
year = {2011},}
	
@thesis{balochdphil,
   author = {Baloch, T},
   title = {Unjust Enrichment in the Contractual Context},
   university = {University of Oxford},
      type = {DPhil thesis},
      year = {2008}
}