%Here are some templates for adding references to the file references/references.bib.  You won't always need all the fields, so delete as appropriate.

@jurisdiction{,
title = {},
shorttitle = {},
shorthandintro = {`\textit{}'},
number = {},
date = {},
volume = {},
reporter = {},
pages = {},
court = {},
pagination = {},
options = {year-essential=true},
keywords = {gb},
}

%If your case is in the English reports, add this before the final }
parvolume = {},
parreporter= {ER},
parpages = {},

@article{,
author = {},
title = {},
date = {},
volume = {},
journaltitle = {},
pages = {},
options = {year-essential=true},
}

@book{,
title = {},
author = {},
date = {},
publisher = {},
edition = {},
}

@incollection{,
author = {},
title = {},
crossref = {},
editor = {},
booktitle = {},
publisher = {},
date = {},
}

@thesis{,
title = {},
author = {},
date = {},
institution = {{}},
type = {},
}

@online{,
title = {},
journaltitle = {},
date = {YYYY-MM-DD},
url = {},
urldate = {YYYY-MM-DD},
author = {},
}